@article{Selinger.2003,
  title={Potrace: a polygon-based tracing algorithm},
  author={Selinger, Peter},
  journal={Potrace (online)},
  volume={2},
  year={2003},
  publisher={Citeseer}
}